/Users/mbomben/work/bibliography/biblio.bib